@book{mclachlan2004finite,
  title={Finite mixture models},
  author={McLachlan, Geoffrey and Peel, David},
  year={2004},
  publisher={John Wiley \& Sons}
}

@article{bertsekas2003convex,
  title={Convex analysis and optimization},
  author={Bertsekas, Dimitri P and Nedi, Angelia and Ozdaglar, Asuman E and others},
  year={2003},
  publisher={Athena Scientific}
}

@article{pearson1896mathematical,
  title={Mathematical contributions to the theory of evolution. III. Regression, heredity, and panmixia},
  author={Pearson, Karl},
  journal={Philosophical Transactions of the Royal Society of London. Series A, Containing Papers of
           a Mathematical or Physical Character},
  volume={187},
  pages={253--318},
  year={1896},
  publisher={JSTOR}
}

@article{weldon1893certain,
  title={On certain correlated variations in Carcinus maenas},
  author={Weldon, Walter Frank Raphael},
  journal={Proceedings of the Royal Society of London},
  volume={54},
  number={326-330},
  pages={318--329},
  year={1893},
  publisher={The Royal Society}
}

@book{pfanzagl1994parametric,
  title={Parametric statistical theory},
  author={Pfanzagl, Johann},
  year={1994},
  publisher={Walter de Gruyter}
}

@article{dempster1977maximum,
  title={Maximum likelihood from incomplete data via the EM algorithm},
  author={Dempster, Arthur P and Laird, Nan M and Rubin, Donald B},
  journal={Journal of the royal statistical society. Series B (methodological)},
  pages={1--38},
  year={1977},
  publisher={JSTOR}
}

@article{iusem1992primal,
  title={A primal-dual iterative algorithm for a maximum likelihood estimation problem},
  author={Iusem, Alfredo N and Teboulle, Marc},
  journal={Computational statistics \& data analysis},
  volume={14},
  number={4},
  pages={443--456},
  year={1992},
  publisher={Elsevier}
}
@article{pearson1900x,
  title={On the criterion that a given system of deviations from the probable in
         the case of a correlated system of variables is such that it can be
         reasonably supposed to have arisen from random sampling},
  author={Pearson, Karl},
  journal={The London, Edinburgh, and Dublin Philosophical Magazine and Journal of Science},
  volume={50},
  number={302},
  pages={157--175},
  year={1900},
  publisher={Taylor \& Francis}
}

@inproceedings{hofmann1999probabilistic,
  title={Probabilistic latent semantic indexing},
  author={Hofmann, Thomas},
  booktitle={Proceedings of the 22nd annual international ACM SIGIR conference
             on Research and development in information retrieval},
  pages={50--57},
  year={1999},
  organization={ACM}
}

@article{blei2003latent,
  title={Latent dirichlet allocation},
  author={Blei, David M and Ng, Andrew Y and Jordan, Michael I},
  journal={Journal of machine Learning research},
  volume={3},
  number={Jan},
  pages={993--1022},
  year={2003}
}

@article{pitman2002combinatorial,
  title={Combinatorial stochastic processes},
  author={Pitman, Jim and others},
  year={2002},
  publisher={Technical Report 621, Dept. Statistics, UC Berkeley, 2002. Lecture notes for St. Flour course}
}

@article{blei2009topic,
  title={Topic models},
  author={Blei, David M and Lafferty, John D},
  journal={Text mining: classification, clustering, and applications},
  volume={10},
  number={71},
  pages={34},
  year={2009}
}

@article{blei2010nested,
  title={The nested chinese restaurant process and bayesian nonparametric inference of topic hierarchies},
  author={Blei, David M and Griffiths, Thomas L and Jordan, Michael I},
  journal={Journal of the ACM (JACM)},
  volume={57},
  number={2},
  pages={7},
  year={2010},
  publisher={ACM}
}

@book{hajek2015random,
  title={Random Processes for Engineers},
  author={Hajek, Bruce},
  year={2015},
  publisher={Cambridge University Press}
}

@article{rasmussen2006gaussian,
  title={Gaussian Processes for Machine Learning},
  author={Rasmussen, Carl Edward and Williams, Christopher KI},
  year={2006}
}

@incollection{teh2011dirichlet,
  title={Dirichlet process},
  author={Teh, Yee Whye},
  booktitle={Encyclopedia of machine learning},
  pages={280--287},
  year={2011},
  publisher={Springer}
}

@inproceedings{ghahramani2005infinite,
  title={Infinite latent feature models and the Indian buffet process},
  author={Ghahramani, Zoubin and Griffiths, Thomas L},
  booktitle={Advances in neural information processing systems},
  pages={475--482},
  year={2005}
}

@article{teh2012hierarchical,
  title={Hierarchical dirichlet processes},
  author={Teh, Yee Whye and Jordan, Michael I and Beal, Matthew J and Blei, David M},
  journal={Journal of the american statistical association},
  year={2012},
  publisher={Taylor \& Francis}
}

@article{griffiths2004hierarchical,
  title={Hierarchical topic models and the nested chinese restaurant process},
  author={Griffiths, DMBTL and Tenenbaum, MIJJB},
  journal={Advances in neural information processing systems},
  volume={16},
  pages={17},
  year={2004},
  publisher={The MIT Press}
}

@article{pitman1995exchangeable,
  title={Exchangeable and partially exchangeable random partitions},
  author={Pitman, Jim},
  journal={Probability theory and related fields},
  volume={102},
  number={2},
  pages={145--158},
  year={1995},
  publisher={Springer}
}

@article{ishwaran2011gibbs,
  title={Gibbs sampling methods for stick-breaking priors},
  author={Ishwaran, Hemant and James, Lancelot F},
  journal={Journal of the American Statistical Association},
  year={2011},
  publisher={Taylor \& Francis}
}

@article{pitman1997two,
  title={The two-parameter Poisson-Dirichlet distribution derived from a stable subordinator},
  author={Pitman, Jim and Yor, Marc},
  journal={The Annals of Probability},
  pages={855--900},
  year={1997},
  publisher={JSTOR}
}

@inproceedings{wang2012truncation,
  title={Truncation-free online variational inference for Bayesian nonparametric models},
  author={Wang, Chong and Blei, David M},
  booktitle={Advances in neural information processing systems},
  pages={413--421},
  year={2012}
}


@inproceedings{wang2016dcme,
  title={Dual-Clustering Maximum Entropy with Application to Classification and
         Word Embeding},
  author={Wang, Xiaolong and Wang, Jingjing and Zhai, Chengxiang},
  booktitle={under review},
  year={2016}
}

@inproceedings{wang2016tpp,
  title={Elephant and Blind Men: Thurstonian Pairwise Preference for Ranking in
         Crowdsourcing},
  author={Wang, Xiaolong and Wang, Jingjing and Luo, Jie and Zhai, Chengxiang
          and Chang, Yi},
  booktitle={ICDM},
  year={2016}
}

@inproceedings{wang2013understanding,
  title={Understanding evolution of research themes: a probabilistic generative
         model for citations},
  author={Wang, Xiaolong and Zhai, Chengxiang and Roth, Dan},
  booktitle={Proceedings of the 19th ACM SIGKDD international conference on
             Knowledge discovery and data mining},
  pages={1115--1123},
  year={2013},
  organization={ACM}
}

@article{hiriart1993convex,
  title={Convex analysis and minimization algorithms. II.},
  author={Hiriart-Urruty, Jean-Baptiste and Lemarechal, Claude},
  year={1993},
  publisher={Springer-Verlag}
}
